@Book{
  wir96,
  author = {{Wirth, N.}},
  title = {{Compiler Construction}},
  publisher = {{Addison-Wesley}},
  year = {1996},
  lanuage = {english}
}

@Misc{
  var10,
  author = {{Google Inc.}},
  title = {{The Go Programming Language Specification}},
  howpublished = {\url{http://golang.org/doc/go_spec.html} (4.6.2010)},
  year = {2010},
  language = {english}
}

@Misc{
  pik00,
  author = {{Pike, R.}},
  title = {{A Manual for the Plan 9 assembler}},
  howpublished = {\url{http://doc.cat-v.org/plan_9/4th_edition/papers/asm} (4.6.2010)},
  year = {2000},
  language = {english}
}
